% Tinacci, Marco},
% \url{https://github.com/marcotinacci/partially-observable-LTL-planning}
@misc{github,
  author={omissis},
  title={Partially Observable LTL Planning},
  journal={GitHub repository},
  year={2015},
  publisher={GitHub},
  howpublished={omissis},
  commit={b396708c9a638b26f69265ec0ea816ff29c2d3fa}
}

@inproceedings{KwiatkowskaNP11,
  author    = {Marta Z. Kwiatkowska and
               Gethin Norman and
               David Parker},
  title     = {{PRISM} 4.0: Verification of Probabilistic Real-Time Systems},
  booktitle = {Computer Aided Verification - 23rd International Conference, {CAV}
               2011, Snowbird, UT, USA. Proceedings},
  pages     = {585--591},
  year      = {2011},
  crossref  = {DBLP:conf/cav/2011},
  url       = {http://dx.doi.org/10.1007/978-3-642-22110-1_47},
  doi       = {10.1007/978-3-642-22110-1\_47},
  timestamp = {Thu, 23 Apr 2015 07:32:34 +0200},
  biburl    = {http://dblp.uni-trier.de/rec/bib/conf/cav/KwiatkowskaNP11},
  bibsource = {dblp computer science bibliography, http://dblp.org}
}

@inproceedings{Bertoli2001,
  author    = {Piergiorgio Bertoli and
               Alessandro Cimatti and
               Marco Roveri and
               Paolo Traverso},
  title     = {Planning in Nondeterministic Domains under Partial Observability via
               Symbolic Model Checking},
  booktitle = {Proceedings of the Seventeenth International Joint Conference on Artificial Intelligence, {IJCAI}},
  pages     = {473--478},
  year      = {2001},
  crossref  = {DBLP:conf/ijcai/2001},
  timestamp = {Mon, 20 Apr 2009 09:38:06 +0200},
  biburl    = {http://dblp.uni-trier.de/rec/bib/conf/ijcai/BertoliCRT01},
  bibsource = {dblp computer science bibliography, http://dblp.org}
}

@inproceedings{Pnueli77,
  author    = {Amir Pnueli},
  title     = {The Temporal Logic of Programs},
  booktitle = {18th Annual Symposium on Foundations of Computer Science, Providence, Rhode Island, USA},
  pages     = {46--57},
  year      = {1977},
  url       = {http://dx.doi.org/10.1109/SFCS.1977.32},
  doi       = {10.1109/SFCS.1977.32},
  timestamp = {Tue, 16 Dec 2014 09:57:23 +0100},
  biburl    = {http://dblp.uni-trier.de/rec/bib/conf/focs/Pnueli77},
  bibsource = {dblp computer science bibliography, http://dblp.org}
}

@article{vicario2015continuous,
  title={A Continuous-Time Model-Based Approach to Activity Recognition for Ambient Assisted Living},
  author={Carnevali, Laura and Nugent, Christopher and Patara, Fulvio and Vicario, Enrico},
  journal={Quantitative Evaluation of Systems: 12th International Conference, QEST 2015, Madrid, Spain, Proceedings},
  volume={9259},
  pages={38},
  year={2015},
  publisher={Springer}
}

@inproceedings{MadaniHC99,
  author    = {Omid Madani and
               Steve Hanks and
               Anne Condon},
  title     = {On the Undecidability of Probabilistic Planning and Infinite-Horizon
               Partially Observable Markov Decision Problems},
  booktitle = {Proceedings of the Sixteenth National Conference on Artificial Intelligence and Eleventh Conference on Innovative Applications of Artificial Intelligence, Orlando, Florida, {USA}},
  pages     = {541--548},
  year      = {1999},
  crossref  = {DBLP:conf/aaai/1999},
  url       = {http://www.aaai.org/Library/AAAI/1999/aaai99-077.php},
  timestamp = {Tue, 11 Dec 2012 12:57:22 +0100},
  biburl    = {http://dblp.uni-trier.de/rec/bib/conf/aaai/MadaniHC99},
  bibsource = {dblp computer science bibliography, http://dblp.org}
}

@article{Papadimitriou1987,
 author = {Papadimitriou, Christos and Tsitsiklis, John N.},
 title = {The Complexity of Markov Decision Processes},
 journal = {Math. Oper. Res.},
 issue_date = {August 1, 1987},
 volume = {12},
 number = {3},
 month = aug,
 year = {1987},
 issn = {0364-765X},
 pages = {441--450},
 numpages = {10},
 url = {http://dx.doi.org/10.1287/moor.12.3.441},
 doi = {10.1287/moor.12.3.441},
 acmid = {35581},
 publisher = {INFORMS},
 address = {Institute for Operations Research and the Management Sciences (INFORMS), Linthicum, Maryland, USA},
} 


@inproceedings{LittmanCK95,
  author    = {Michael L. Littman and
               Anthony R. Cassandra and
               Leslie Pack Kaelbling},
  title     = {Learning Policies for Partially Observable Environments: Scaling Up},
  booktitle = {Machine Learning, Proceedings of the Twelfth International Conference on Machine Learning, Tahoe City, California, USA},
  pages     = {362--370},
  year      = {1995},
  crossref  = {DBLP:conf/icml/1995},
  timestamp = {Fri, 23 Dec 2011 14:54:21 +0100},
  biburl    = {http://dblp.uni-trier.de/rec/bib/conf/icml/LittmanCK95},
  bibsource = {dblp computer science bibliography, http://dblp.org}
}

@incollection{Rabiner90,
 author = {Rabiner, Lawrence R.},
 chapter = {A Tutorial on Hidden Markov Models and Selected Applications in Speech Recognition},
 title = {Readings in Speech Recognition},
 editor = {Waibel, Alex and Lee, Kai-Fu},
 year = {1990},
 isbn = {1-55860-124-4},
 pages = {267--296},
 numpages = {30},
 url = {http://dl.acm.org/citation.cfm?id=108235.108253},
 acmid = {108253},
 publisher = {Morgan Kaufmann Publishers Inc.},
 address = {San Francisco, CA, USA},
} 

@inproceedings{cassandra1998survey,
  title={A survey of POMDP applications},
  author={Cassandra, Anthony R.},
  booktitle={Technical Report MCC-INSL-111-98. Microelectronics and Computer Technology Corporation (MCC). AAAI Fall Symposium},
  volume={1724},
  year={1998},
  organization={Citeseer}
}

@inproceedings{ZhangHJ05,
  author    = {Lijun Zhang and Holger Hermanns and David N. Jansen},
  title     = {Logic and Model Checking for Hidden Markov Models},
  booktitle = {Formal Techniques for Networked and Distributed Systems - {FORTE}
               2005, 25th {IFIP} {WG} 6.1 International Conference, Taipei, Taiwan, Proceedings},
  pages     = {98--112},
  year      = {2005},
  url       = {http://dx.doi.org/10.1007/11562436_9},
  doi       = {10.1007/11562436\_9},
  timestamp = {Fri, 25 Jan 2013 07:47:18 +0100},
  biburl    = {http://dblp.uni-trier.de/rec/bib/conf/forte/ZhangHJ05},
  bibsource = {dblp computer science bibliography, http://dblp.org}
}

@article{DengGHM08,
  author    = {Yuxin Deng and Rob J. van Glabbeek and Matthew Hennessy and Carroll Morgan},
  title     = {Characterising Testing Preorders for Finite Probabilistic Processes},
  journal   = {Logical Methods in Computer Science},
  volume    = {4},
  number    = {4},
  year      = {2008},
  url       = {http://dx.doi.org/10.2168/LMCS-4(4:4)2008},
  doi       = {10.2168/LMCS-4(4:4)2008},
  timestamp = {Tue, 28 Jul 2009 15:08:17 +0200},
  biburl    = {http://dblp.uni-trier.de/rec/bib/journals/lmcs/DengGHM08},
  bibsource = {dblp computer science bibliography, http://dblp.org}
}

@article{BrookesHR84,
  author    = {Stephen D. Brookes and C. A. R. Hoare and A. W. Roscoe},
  title     = {A Theory of Communicating Sequential Processes},
  journal   = {J. {ACM}},
  volume    = {31},
  number    = {3},
  pages     = {560--599},
  year      = {1984},
  url       = {http://doi.acm.org/10.1145/828.833},
  doi       = {10.1145/828.833},
  timestamp = {Thu, 26 Jan 2012 17:31:32 +0100},
  biburl    = {http://dblp.uni-trier.de/rec/bib/journals/jacm/BrookesHR84},
  bibsource = {dblp computer science bibliography, http://dblp.org}
}

@article{Bruni2013,
author = {Bruni, Roberto and Corradini, Andrea and Gadducci, Fabio},
file = {:Users/tinerd/Dropbox/Mendeley/chp\%3A10.1007\%2F978-3-642-37635-1\_6.pdf:pdf},
journal = {Recent Trends in Algebraic Development Techniques},
keywords = {adaptation,autonomic systems,control data,interface},
pages = {95--110},
title = {{Adaptable transition systems}},
url = {http://link.springer.com/chapter/10.1007/978-3-642-37635-1\_6},
year = {2013}
}

@article{Cimatti2003,
author = {Cimatti, Alessandro and Pistore, Marco and Roveri, Marco and Traverso, Paolo},
doi = {10.1016/S0004-3702(02)00374-0},
file = {:Users/tinerd/Dropbox/Mendeley/Cimatti et al. - 2003 - Weak, strong, and strong cyclic planning via symbolic model checking.pdf:pdf},
issn = {00043702},
journal = {Artificial Intelligence},
keywords = {binary,conditional planning,planning in nondeterministic domains,symbolic model-checking},
month = jul,
number = {1-2},
pages = {35--84},
title = {{Weak, strong, and strong cyclic planning via symbolic model checking}},
url = {http://linkinghub.elsevier.com/retrieve/pii/S0004370202003740 http://www.sciencedirect.com/science/article/pii/S0004370202003740},
volume = {147},
year = {2003}
}

@article{KattenbeltKNP10,
  author    = {Mark Kattenbelt and
               Marta Z. Kwiatkowska and
               Gethin Norman and
               David Parker},
  title     = {A game-based abstraction-refinement framework for Markov decision processes},
  journal   = {Formal Methods in System Design},
  volume    = {36},
  number    = {3},
  pages     = {246--280},
  year      = {2010},
  url       = {http://dx.doi.org/10.1007/s10703-010-0097-6},
  doi       = {10.1007/s10703-010-0097-6},
  timestamp = {Thu, 23 Apr 2015 07:32:34 +0200},
  biburl    = {http://dblp.uni-trier.de/rec/bib/journals/fmsd/KattenbeltKNP10},
  bibsource = {dblp computer science bibliography, http://dblp.org}
}

@inproceedings{LagoPT02,
  author    = {Ugo Dal Lago and
               Marco Pistore and
               Paolo Traverso},
  title     = {Planning with a Language for Extended Goals},
  booktitle = {Proceedings of the Eighteenth National Conference on Artificial Intelligence
               and Fourteenth Conference on Innovative Applications of Artificial
               Intelligence, Edmonton, Alberta, Canada},
  pages     = {447--454},
  year      = {2002},
  crossref  = {DBLP:conf/aaai/2002},
  url       = {http://www.aaai.org/Library/AAAI/2002/aaai02-068.php},
  timestamp = {Tue, 11 Dec 2012 12:57:22 +0100},
  biburl    = {http://dblp.uni-trier.de/rec/bib/conf/aaai/LagoPT02},
  bibsource = {dblp computer science bibliography, http://dblp.org}
}

@inproceedings{ZhangHJ05,
 title = {Logic and model checking for hidden Markov models},
 year = {2005},
 author = {Lijun Zhang and Holger Hermanns and David N. Jansen},
 series = {Lecture Notes in Computer Science, LNCS},
 volume = {3731},
 pages = {98--112},
 booktitle = {18th IFIF WG 6.1 International Conference on Formal Description Techniques, FORTE 2006, Taipeh (Taiwan)},
 editor = {Farn Wang},
 publisher = {Springer-Verlag}
} 

@book{Katoen-Baier,
  author    = {Christel Baier and
               Joost{-}Pieter Katoen},
  title     = {Principles of model checking},
  publisher = {{MIT} Press},
  year      = {2008},
  isbn      = {978-0-262-02649-9},
  timestamp = {Tue, 15 Feb 2011 11:22:37 +0100},
  biburl    = {http://dblp.uni-trier.de/rec/bib/books/daglib/0020348},
  bibsource = {dblp computer science bibliography, http://dblp.org}
}

@inproceedings{BruniCGLV12,
  author    = {Roberto Bruni and
               Andrea Corradini and
               Fabio Gadducci and
               Alberto Lluch{-}Lafuente and
               Andrea Vandin},
  title     = {A Conceptual Framework for Adaptation},
  booktitle = {Fundamental Approaches to Software Engineering - 15th International
               Conference, {FASE} 2012, Held as Part of the European Joint Conferences
               on Theory and Practice of Software, {ETAPS} 2012, Tallinn, Estonia. Proceedings},
  pages     = {240--254},
  year      = {2012},
  crossref  = {DBLP:conf/fase/2012},
  url       = {http://dx.doi.org/10.1007/978-3-642-28872-2_17},
  doi       = {10.1007/978-3-642-28872-2\_17},
  timestamp = {Fri, 23 Mar 2012 15:17:45 +0100},
  biburl    = {http://dblp.uni-trier.de/rec/bib/conf/fase/BruniCGLV12},
  bibsource = {dblp computer science bibliography, http://dblp.org}
}


@article{adapselfassmaude,
	Author = {Roberto Bruni and Andrea Corradini and Fabio Gadducci and Alberto Lluch Lafuente and Andrea Vandin},
	Date-Added = {2012-05-29 15:30:48 +0000},
	Date-Modified = {2012-05-29 15:33:41 +0000},
	Journal = {ASCENS},
	Keywords = {adaptation, autonomic, self-assembly, swarms, ensembles, maude},
	Title = {Modelling and Analyzing Adaptive Self-Assembling Strategies with Maude},
	Year = {2012}
	}

@misc{foragingscenarioklaim,
	Author = {Edmond Gjondrekaj and Michele Loreti and Rosario Pugliese and Francesco Tiezzi},
	Date-Added = {2012-05-30 18:17:38 +0000},
	Date-Modified = {2012-05-30 18:20:26 +0000},
	Keywords = {foraging, klaim, stoklaim, marXbot, stochastic},
	Title = {A Robot Foraging Scenario in Klaim},
	Year = {2011}
	}